@online{adams-no-date,
	author = {given={Van Hunter}, family=Adams},
	title = {Lattice-Boltzmann in Python, C, and Verilog},
	url = {https://vanhunteradams.com/DE1/Lattice_Boltzmann/Lattice_Boltzmann.html},
	urldate = {2024-11-15},
}

@article{zou-1997,
	author = {given-i=Q, given=Qisu, family=Zou and given-i=X, given=Xiaoyi, family=He},
	date = {1997-06-01},
	doi = {10.1063/1.869307},
	journaltitle = {Physics of Fluids},
	number = {6},
	pages = {1591--1598},
	title = {On pressure and velocity boundary conditions for the lattice Boltzmann BGK model},
	url = {https://pubs.aip.org/aip/pof/article-abstract/9/6/1591/260464/On-pressure-and-velocity-boundary-conditions-for?redirectedFrom=fulltext},
	volume = {9},
}
